<record><leader>00000cas a22000007a 4500</leader><controlfield tag="001">15807621</controlfield><controlfield tag="008">870604d18851889iauwr ne      0    0eng d</controlfield><datafield ind1=" " ind2=" " tag="010"><subfield code="a">sn 87058277 </subfield></datafield><datafield ind1=" " ind2=" " tag="040"><subfield code="a">INP</subfield><subfield code="b">eng</subfield><subfield code="c">INP</subfield><subfield code="d">OCLCQ</subfield></datafield><datafield ind1=" " ind2=" " tag="042"><subfield code="a">msc</subfield></datafield><datafield ind1="0" ind2=" " tag="130"><subfield code="a">Martinsburg journal (Martinsburg, Iowa)</subfield></datafield><datafield ind1="1" ind2="0" tag="245"><subfield code="a">Martinsburg journal.</subfield></datafield><datafield ind1=" " ind2=" " tag="260"><subfield code="a">Martinsburg, Keokuk County, Iowa :</subfield><subfield code="b">Journal Print. Co.,</subfield><subfield code="c">1885-1889.</subfield></datafield><datafield ind1=" " ind2=" " tag="300"><subfield code="a">4 v.</subfield></datafield><datafield ind1=" " ind2=" " tag="310"><subfield code="a">Weekly</subfield></datafield><datafield ind1="0" ind2=" " tag="362"><subfield code="a">Vol. 1, no. 1 (July 9, 1885)-v. 4, no. 35 (Mar. 28, 1889).</subfield></datafield><datafield ind1=" " ind2=" " tag="500"><subfield code="a">Publisher varies.</subfield></datafield><datafield ind1=" " ind2=" " tag="515"><subfield code="a">&lt;Vol. 4, no. 35 (Mar. 28, 1889)&gt; called also whole no. &lt;191&gt;.</subfield></datafield><datafield ind1=" " ind2=" " tag="752"><subfield code="a">United States</subfield><subfield code="b">Iowa</subfield><subfield code="c">Keokuk</subfield><subfield code="d">Martinsburg.</subfield></datafield><datafield ind1="0" ind2="7" tag="785"><subfield code="t">Hedrick enterprise</subfield></datafield><datafield ind1="0" ind2="7" tag="785"><subfield code="t">Hedrick journal</subfield><subfield code="w">(DLC)sn 87058278</subfield></datafield></record>